<mx:record xmlns="http://www.w3.org/TR/xhtml1/strict" xmlns:mx="http://www.loc.gov/MARC21/slim" xmlns:xsi="http://www.w3.org/2001/XMLSchema-instance"><mx:leader>00000cz   2200000n  4500</mx:leader><mx:controlfield tag="001">oca01466477 </mx:controlfield><mx:controlfield tag="005">20050420052130.0</mx:controlfield><mx:controlfield tag="008">851226n| acannaabn          |a aaa     c</mx:controlfield><mx:datafield ind1=" " ind2=" " tag="010"><mx:subfield code="a">n  85035238 </mx:subfield></mx:datafield><mx:datafield ind1=" " ind2=" " tag="040"><mx:subfield code="a">InU</mx:subfield><mx:subfield code="b">eng</mx:subfield><mx:subfield code="c">DLC</mx:subfield><mx:subfield code="d">DLC</mx:subfield><mx:subfield code="d">InU</mx:subfield></mx:datafield><mx:datafield ind1="0" ind2=" " tag="100"><mx:subfield code="a">Jacques,</mx:subfield><mx:subfield code="c">de Vitry,</mx:subfield><mx:subfield code="d">ca. 1170-1240</mx:subfield></mx:datafield><mx:datafield ind1="1" ind2=" " tag="400"><mx:subfield code="a">Vitry, Jacques de,</mx:subfield><mx:subfield code="d">ca. 1170-1240</mx:subfield></mx:datafield><mx:datafield ind1="0" ind2=" " tag="400"><mx:subfield code="a">Jacobus,</mx:subfield><mx:subfield code="c">de Vitriaco,</mx:subfield><mx:subfield code="d">ca. 1170-1240</mx:subfield></mx:datafield><mx:datafield ind1="1" ind2=" " tag="400"><mx:subfield code="a">De Vitry, Jacques,</mx:subfield><mx:subfield code="d">ca. 1170-1240</mx:subfield></mx:datafield><mx:datafield ind1="0" ind2=" " tag="400"><mx:subfield code="a">Jacobus de Vitriaco,</mx:subfield><mx:subfield code="c">Cardinal,</mx:subfield><mx:subfield code="d">d. 1240</mx:subfield><mx:subfield code="w">nnaa</mx:subfield></mx:datafield><mx:datafield ind1="0" ind2=" " tag="400"><mx:subfield code="a">Jakob,</mx:subfield><mx:subfield code="c">von Vitry,</mx:subfield><mx:subfield code="d">ca. 1170-1240</mx:subfield></mx:datafield><mx:datafield ind1="0" ind2=" " tag="400"><mx:subfield code="a">Z'aḳ,</mx:subfield><mx:subfield code="c">deh Ṿiṭri,</mx:subfield><mx:subfield code="d">ca. 1170-1240</mx:subfield></mx:datafield><mx:datafield ind1="1" ind2=" " tag="400"><mx:subfield code="a">Vitriaco, Jacobus de,</mx:subfield><mx:subfield code="d">ca. 1170-1240</mx:subfield></mx:datafield><mx:datafield ind1=" " ind2=" " tag="670"><mx:subfield code="a">His Histoire des croisades, 1825:</mx:subfield><mx:subfield code="b">t.p. (Jacques de Vitry)</mx:subfield></mx:datafield><mx:datafield ind1=" " ind2=" " tag="670"><mx:subfield code="a">His Libri duo, 1597:</mx:subfield><mx:subfield code="b">t.p. (... Jacobi de Vitriaco)</mx:subfield></mx:datafield><mx:datafield ind1=" " ind2=" " tag="670"><mx:subfield code="a">Grand Larousse encyc., 1962</mx:subfield><mx:subfield code="b">(Jacques de Vitry, ca. 1170-1240; French historian and preacher)</mx:subfield></mx:datafield><mx:datafield ind1=" " ind2=" " tag="670"><mx:subfield code="a">OCLC data base, 7/29/85</mx:subfield><mx:subfield code="b">(hdg.: Jacobus de Vitriaco, Cardinal, d. 1240)</mx:subfield></mx:datafield><mx:datafield ind1=" " ind2=" " tag="670"><mx:subfield code="a">LC data base, 11/20/85</mx:subfield><mx:subfield code="b">(hdg.: Jacobus de Vitriaco, Cardinal, d. 1240; usage: Jacques de Vitry)</mx:subfield></mx:datafield><mx:datafield ind1=" " ind2=" " tag="670"><mx:subfield code="a">Orient und Okzident nach den Hauptwerken des Jakob von Vitry, c1997:</mx:subfield><mx:subfield code="b">t.p. (Jakob von Vitry) cover p. 4 (Jakob von Vitry, 1160/70-1240) p. 17 (... Bischofs von Akkon und Kardinalbischofs von Tusculum, Jakob von Vitry)</mx:subfield></mx:datafield><mx:datafield ind1=" " ind2=" " tag="670"><mx:subfield code="a">On roots of the myth of Jewish male menses ... 1998:</mx:subfield><mx:subfield code="b">t.p. (Jacques de Vitry) added t.p. (Z'aḳ deh Ṿiṭri [in Heb.])</mx:subfield></mx:datafield><mx:datafield ind1=" " ind2=" " tag="999"><mx:subfield code="a">82</mx:subfield></mx:datafield></mx:record>